@BOOK{cms,
  author    = {MAUTHE, Andreas; THOMAS, Peter},
  date      = {2004},
  title     = {Professional Content Management Systems: Handling Digital Media Assets},
  publisher = {John Wiley \& Sons},
  isbn      = {978-0-470-85542-3},
  langid    = {english}
}

@BOOK{asp_net,
  author    = {EVJEN, Bill; HANSELMAN, Scott},
  date      = {2010},
  title     = {Professional ASP.NET 4 in C\# and VB},
  edition   = {2},
  publisher = {Wrox},
  isbn      = {978-0-470-50220-4},
  langid    = {english}
}

@ONLINE{kentico02,
  publisher = {HEJTMÁNEK, Martin},
  title     = {Kentico 8 Technology - DataQuery API},
  date      = {2014},
  url       = {https://devnet.kentico.com/articles/kentico-8-technology-dataquery-api},
  urldate   = {2017-09-25},
  location  = {Brno},
  langid    = {english}
}

@BOOK{dataset,
  author    = {ROBINSON, Simon; ALLEN, K. Scott},
  date      = {2002},
  title     = {Professional C\#},
  edition   = {2},
  publisher = {Wrox},
  isbn      = {978-0-7645-4398-2},
  langid    = {english}
}

@ONLINE{venn_diagrams,
  publisher = {Data \& Object Factory, LLC},
  title     = {SQL JOIN},
  date      = {2017},
  url       = {http://www.dofactory.com/sql/join},
  urldate   = {2017-10-05},
  langid    = {english}
}

@BOOK{test_automation,
  author    = {KOLAWA, Adam; HUIZINGA, Dorota},
  date      = {2007},
  title     = {Automated Defect Prevention: Best Practices in Software Management},
  edition   = {1},
  publisher = {Wiley-IEEE Computer Society Press},
  isbn      = {0-470-04212-5},
  langid    = {english}
}

@BOOK{test_automation_benefits,
  author    = {ZHAN, Zhimin},
  date      = {2017},
  title     = {Practical Web Test Automation},
  edition   = {2},
  publisher = {Lean Publishing},
  isbn      = {9781505882896},
  langid    = {english}
}

@BOOK{unit_tests,
  author    = {OSHEROVE, Roy},
  date      = {2014},
  title     = {The Art of Unit Testing},
  edition   = {2},
  publisher = {Manning Publications Co},
  isbn      = {978-1-617-29089-3},
  langid    = {english}
}

@BOOK{software_testing,
  author    = {PEZZÉ, Mauro; YOUNG, Michal},
  date      = {2008},
  title     = {Software Testing and Analysis: Process, Principles, and Techniques},
  edition   = {1},
  publisher = {John Wiley \& Sons},
  isbn      = {978-0-471-45593-6},
  langid    = {english}
}

@ARTICLE{faking_objects,
  author   = {WANG, Xiaoyin; MOSTAFA, Shaikh},
  title    = {An Empirical Study on the Usage of Mocking Frameworks in Software Testing},
  url      = {http://ieeexplore.ieee.org/document/6958396/},
  urldate  = {2017-12-01}
}

@BOOK{why_fakes,
  author    = {HUNT, Andy; THOMAS, Dave},
  date      = {2007},
  title     = {Pragmatic Unit Testing in C\# with NUnit},
  edition   = {2},
  publisher = {The Pragmatic Bookshelf},
  isbn      = {978-0-9776166-7-1},
  langid    = {english}
}

@ONLINE{mocks,
  publisher = {FOWLER, Martin},
  title     = {Mocks Aren't Stubs},
  date      = {2007},
  url       = {https://martinfowler.com/articles/mocksArentStubs.html},
  urldate   = {2017-12-04},
  langid    = {english}
}

@ONLINE{kentico_tests,
  publisher = {Kentico Software},
  title     = {Writing automated tests},
  date      = {2016},
  url       = {https://docs.kentico.com/k10/custom-development/writing-automated-tests},
  urldate   = {2017-12-05},
  langid    = {english}
}

@ONLINE{faking_kentico,
  publisher = {Kentico Software, s.r.o.},
  title     = {Faking Info and Provider objects in unit tests},
  date      = {2016},
  url       = {https://docs.kentico.com/k10/custom-development/writing-automated-tests/faking-info-and-provider-objects-in-unit-tests},
  urldate   = {2017-12-04},
  langid    = {english}
}

@ONLINE{nunit_docs,
  publisher = {POOLE, Charlie},
  title     = {NUnit Documentation},
  date      = {2016},
  url       = {https://github.com/nunit/docs/wiki/NUnit-Documentation},
  urldate   = {2017-09-28},
  langid    = {english}
}

@BOOK{assertions,
  author    = {GARD, Navneesh},
  date      = {2014},
  title     = {Test Automation using Selenium WebDriver with Java: Step by Step Guide},
  publisher = {AdactIn Group Pty Ltd.},
  isbn      = {978-0-9922935-1-2},
  langid    = {english}
}

@ONLINE{nunit_model,
  publisher = {POOLE, Charlie; PROUSE, Rob},
  title     = {Constraint-Based Assert Model},
  date      = {2017},
  url       = {http://nunit.org/docs/2.4/constraintModel.html},
  urldate   = {2017-09-28},
  langid    = {english}
}

@ONLINE{left_join,
  publisher = {LANDRY, Chris},
  title     = {C\# – LINQ – How to Create a Left Outer Join},
  date      = {2013},
  url       = {https://topherlandry.wordpress.com/2013/06/25/c-linq-how-to-create-a-left-outer-join/},
  urldate   = {2017-12-05},
  langid    = {english}
}

@ONLINE{nullable_int,
  publisher = {Microsoft Corporation},
  title     = {Nullable Types (C\# Programming Guide)},
  date      = {2017},
  url       = {https://docs.microsoft.com/en-us/dotnet/csharp/programming-guide/nullable-types/},
  urldate   = {2017-12-05},
  langid    = {english}
}

@BOOK{linq,
  author    = {MAGENNIS, Troy},
  date      = {2010},
  title     = {LINQ TO OBJECTS USING C\# 4.0},
  edition   = {1},
  publisher = {Addison-Wesley},
  isbn      = {978-0-321-63700-0},
  langid    = {english}
}